@misc{JDKInstallationLinux,
  title = {JDK Installation for Linux Platforms},
  howpublished = {https://docs.oracle.com/javase/8/docs/technotes/guides/install/linux\_jdk.html\#BJFGGEFG},
  file = {C\:\\Users\\wty02\\Zotero\\storage\\ZFWKRMI8\\linux_jdk.html}
}
@misc{HowInstallWordPress2018,
  title = {How to Install WordPress},
  year = {2018},
  month = oct,
  journal = {WordPress.org Documentation},
  abstract = {WordPress is well-known for its ease of installation. Under most circumstances, installing WordPress is a very simple process and takes less than five minutes to complete. Many web hosts now offer tools (e.g. Fantastico) to automatically install WordPress for you. However, if you wish to install WordPress yourself, the following guide will help. Things to [\ldots ]},
  langid = {american},
  file = {C\:\\Users\\wty02\\Zotero\\storage\\3SU9C46X\\how-to-install-wordpress.html}
}
